# Introduction
@misc{Schottky1929,
  title={Thermodynamik},
  author={Schottky, W},
  year={1929},
  publisher={Springer, Berlin}
}

@techreport{eia,
title = {Power Plant Operations Report},
institution = {U.S. Energy Information Administration, Form EIA-923 and predecessors},
note = {\url{https://www.eia.gov/electricity/annual/html/epa_08_01.html}},
urldate = {2017-04-24},
year = {2016}
}

@book{Callen,
title = {Thermodynamics and an Introduction to Thermostatistics},
author = {Callen, Herbert B.},
edition = 2,
year = 1985,
publisher = {John Wiley \& Sons}
}

@article{Clarke2003,
author = {Clarke, D.R. and Levi, C.G.},
doi = {10.1146/annurev.matsci.33.011403.113718},
issn = {1531-7331},
journal = {Annual Review of Materials Research},
keywords = {coatings and the advances,generation,high temperature,higher temperature capability coatings,in this short review,involved in the development,is to describe the,materials issues,materials science,necessary for the next,of present thermal barrier,s abstract the emphasis,zirconia},
number = {1},
pages = {383--417},
title = {{Materials Design for the Next Generation Thermal Barrier Coatings}},
url = {http://www.annualreviews.org/doi/10.1146/annurev.matsci.33.011403.113718},
volume = {33},
year = {2003}
}

@article{Clarke2012,
author = {Clarke, David R. and Oechsner, Matthias and Padture, Nitin P.},
doi = {10.1557/mrs.2012.232},
file = {:home/knoop/Documents/Mendeley Desktop/Clarke-Padture{\_}TBC.pdf:pdf},
isbn = {1938-1425},
issn = {0883-7694},
journal = {MRS Bulletin},
number = {10},
pages = {891--898},
title = {{Thermal-barrier coatings for more efficient gas-turbine engines}},
volume = {37},
year = {2012}
}

@incollection{Tritt1,
title = {Theory of Thermal Conductivity},
author = {Yang, Jihui},
chapter = {1.1},
booktitle = {Thermal Conductivity. Theory, Properties and Applications},
editor ={Tritt, Terry M.},
pages = {1-17},
year = 2004,
publisher = {Kluwer Academic},
ISBN = {0-306-48327-0}
}

@incollection{Tritt2,
title = {Semiconductors and Thermoelectric Materials},
author = {Nolas, G.S. and Yang, J. and Goldsmid, H.J.},
chapter = {1.5},
booktitle = {Thermal Conductivity. Theory, Properties and Applications},
editor ={Tritt, Terry M.},
pages = {123-152},
year = 2004,
publisher = {Kluwer Academic},
ISBN = {0-306-48327-0}
}

@article{Perepezko2009,
  author = {Perepezko, John H},
  file = {:home/knoop/Documents/Mendeley Desktop/Perepezko{\_}the-hotter-the-engine.pdf:pdf},
  journal = {Science},
  number = {November},
  title = {{ideal performance (given by the green curve) exceeds that of actual engines (blue 
  bullets) and refl ects ineffi ciencies. These performance data reveal a trou-}},
  volume = {326},
  year = {2009}
}

@inbook{Nolas2001,
author = {Nolas, G. S. and Sharp, J. and Goldsmid, H. J.},
file = {:home/knoop/Documents/Mendeley Desktop/Nolas{\_}Thermoelectrics.pdf:pdf},
isbn = {9783642074516},
chapter = {1},
publisher = {Springer},
title = {{Thermoelectrics, Basic Principles and New Materials Developments}},
year = {2001}
}

@article{Zhao2014,
  title={Ultralow thermal conductivity and high thermoelectric figure of merit in SnSe crystals},
  author={Zhao, Li-Dong and Lo, Shih-Han and Zhang, Yongsheng and Sun, Hui and Tan, Gangjian and Uher, Ctirad and Wolverton, Christopher and Dravid, Vinayak P and Kanatzidis, Mercouri G},
  journal={Nature},
  volume={508},
  number={7496},
  pages={373--377},
  year={2014},
  publisher={Nature Publishing Group}  
}

@article{Snyder2008,
author = {Snyder, G Jeffrey and Toberer, Eric S},
title = {{Complex thermoelectric materials}},
journal = {Nature Materials},
year = {2008},
volume = {7},
number = {2},
pages = {105--114},
month = feb
}

@misc{SpringerMaterials,
  title = {Springer Materials},
  howpublished = {\url{http://materials.springer.com}},
  note = {Accessed: 2019-11-07}
}

@incollection{Morelli,
author = {Morelli, Donald T. and Slack, Glen A.},
editor={Shind{\'e}, Subhash L. and Goela, Jitendra S.},
booktitle = {High thermal conductivity materials},
file = {:home/knoop/Nextcloud/PhD/books/thermo/Morelli{\_}High-thermal-conductivity.pdf:pdf},
isbn = {4951176289},
year={2006},
publisher={Springer New York},
address={New York, NY},
pages={37--68},
title = {{High Lattice Thermal Conductivity Solids}}
}

# maths
@book{Sands2002,
  title={Vectors and tensors in crystallography},
  author={Sands, Donald E},
  year={2002},
  publisher={Courier Corporation}
}

@article{Penrose1955,
author = {Penrose, R.},
doi = {10.1017/S0305004100030401},
isbn = {0305004100030},
issn = {14698064},
journal = {Mathematical Proceedings of the Cambridge Philosophical Society},
number = {3},
pages = {406--413},
title = {{A generalized inverse for matrices}},
volume = {51},
year = {1955}
}

@book{Lomen1986,
  title={Ordinary Differential Equations with Linear Algebra},
  author={Lomen, David and Mark, James},
  year={1986},
  publisher={Prentice Hall}
}

# group theory, symmetry
@book{Dresselhaus2007,
  title={Group theory: application to the physics of condensed matter},
  author={Dresselhaus, Mildred S and Dresselhaus, Gene and Jorio, Ado},
  year={2007},
  publisher={Springer Science \& Business Media}
}

# quantum mechanics, qm , QM
@book{Basdevant2000,
  title={Quantum Mechanics},
  author={Basdevant, Jean-Louis and Dalibard, Jean},
  year={2000},
  publisher={Springer}
}

@book{Basdevant2007,
  title={Lectures on quantum mechanics},
  author={Basdevant, Jean-Louis},
  year={2007},
  publisher={Springer}
}

@article{Ehrenfest1927,
  title={Bemerkung {\"u}ber die angen{\"a}herte G{\"u}ltigkeit der klassischen Mechanik innerhalb der Quantenmechanik},
  author={Ehrenfest, Paul},
  journal={Zeitschrift f{\"u}r Physik},
  volume={45},
  number={7-8},
  pages={455--457},
  year={1927},
  publisher={Springer}
}

@book{Dirac1981,
  title={The principles of quantum mechanics},
  author={Dirac, Paul Adrien Maurice},
  number={27},
  year={1981},
  publisher={Oxford university press}
}

@book{Landau2013,
  title={Quantum mechanics: non-relativistic theory},
  author={Landau, Lev Davidovich and Lifshitz, Evgenii Mikhailovich},
  volume={3},
  year={2013},
  publisher={Elsevier}
}

# Lattice dynamics, phonons
@article{BornOppenheimer,
author = {Born, M. and Oppenheimer, R.},
journal = {Ann. Phys.},
number = {84},
pages = {457},
volume = {4},
year = {1927}
}

@book{born2013atomtheorie,
  title={Atomtheorie des Festen Zustandes (Dynamik der Kristallgitter)},
  author={Born, Max},
  year={2013},
  publisher={Springer-Verlag}
}

@book{BornHuang,
      author        = "Born, Max and Huang, Kun",
      title         = "{Dynamical theory of crystal lattices}",
      publisher     = "Clarendon Press",
      address       = "Oxford",
      year          = "1954",
}

@book{Dove,
  title={Introduction to lattice dynamics},
  author={M. Dove},
  year={1993},
  publisher={Cambridge University Press}


@book{Marx2009,
  title={Ab initio molecular dynamics: basic theory and advanced methods},
  author={Marx, Dominik and Hutter, J{\"u}rg},
  year={2009},
  publisher={Cambridge University Press}
}

@article{Fultz2010,
author = {Fultz, Brent},
doi = {10.1016/j.pmatsci.2009.05.002},
journal = {Prog. Mater. Sci.},
number = {4},

pages = {247--352},
pmid = {274562500001},
title = {{Vibrational thermodynamics of materials}},
volume = {55},
year = {2010}
}

@article{Parlinski1997,
author = {Parlinski, K. and Li, Z. and Kawazoe, Y.},
doi = {10.1103/PhysRevLett.78.4063},
journal = {Phys. Rev. Lett.},
number = {21},
pages = {4063--4066},
title = {{First-Principles Determination of the Soft Mode in Cubic ZrO2}},
volume = {78},
year = {1997}
}

@article{Hellman2013,
author = {Hellman, Olle and Steneteg, Peter and Abrikosov, I A and Simak, S I},
doi = {10.1103/PhysRevB.87.104111},
eprint = {1303.1145},
isbn = {1098-0121$\$r1550-235X},
issn = {1098-0121},
journal = {Physical Review B},
number = {10},
pages = {104111},
title = {{Temperature dependent effective potential method for accurate free energy calculations of solids}},
url = {http://link.aps.org/doi/10.1103/PhysRevB.87.104111},
volume = {87},
year = {2013}
}

# transport
@book{Fourier1878,
title={The analytical theory of heat},
author={Baron Fourier, Jean Baptiste Joseph},
year={1878},
publisher={The University Press}
}

@article{Einstein1905a,
title={{\"U}ber die von der molekularkinetischen Theorie der W{\"a}rme geforderte Bewegung von in ruhenden Fl{\"u}ssigkeiten suspendierten Teilchen},
author={Einstein, Albert},
journal={Annalen der physik},
volume={4},
year={1905}
}

@article{Nyquist1928,
title={Thermal agitation of electric charge in conductors},
author={Nyquist, Harry},
journal={Physical review},
volume={32},
number={1},
pages={110},
year={1928},
publisher={APS}
}

@article{Onsager1931a,
title={Reciprocal relations in irreversible processes. I.},
author={Onsager, Lars},
journal={Physical review},
volume={37},
number={4},
pages={405},
year={1931},
publisher={APS}
}

@article{Onsager1931b,
title={Reciprocal relations in irreversible processes. II.},
author={Onsager, Lars},
journal={Physical review},
volume={38},
number={12},
pages={2265},
year={1931},
publisher={APS}
}

@article{Callen1951,
title={Irreversibility and generalized noise},
author={Callen, Herbert B and Welton, Theodore A},
journal={Physical Review},
volume={83},
number={1},
pages={34},
year={1951},
publisher={APS}
}

@article{Green1952,
author = {Green, Melville S.},
doi = {10.1063/1.1700722},
issn = {00219606},
journal = {J. Chem. Phys.},
number = {8},
pages = {1281--1295},
title = {{Markoff random processes and the statistical mechanics of time-dependent phenomena}},
volume = {20},
year = {1952}
}


@article{Kubo1957a,
title={Statistical-mechanical theory of irreversible processes. I. General theory and simple applications to magnetic and conduction problems},
author={Kubo, Ryogo},
journal={Journal of the Physical Society of Japan},
volume={12},
number={6},
pages={570--586},
year={1957},
publisher={The Physical Society of Japan}
}

@article{Kubo1957b,
title={Statistical-mechanical theory of irreversible processes. II. Response to thermal disturbance},
author={Kubo, Ryogo and Yokota, Mario and Nakajima, Sadao},
journal={Journal of the Physical Society of Japan},
volume={12},
number={11},
pages={1203--1211},
year={1957},
publisher={The Physical Society of Japan}
}

@book{Tuckerman,
title={Statistical mechanics: theory and molecular simulation},
author={Tuckerman, Mark},
year={2010},
publisher={Oxford university press}
}

@article{Baroni2020a,
  title={Heat transport in insulators from ab initio Green-Kubo theory},
  author={Baroni, Stefano and Bertossa, Riccardo and Ercole, Loris and Grasselli, Federico and Marcolongo, Aris},
  journal={Handbook of Materials Modeling: Applications: Current and Emerging Materials},
  pages={809--844},
  year={2020},
  publisher={Springer}
}

@article{Ercole2016,
  title={Gauge invariance of thermal transport coefficients},
  author={Ercole, Loris and Marcolongo, Aris and Umari, Paolo and Baroni, Stefano},
  journal={Journal of Low Temperature Physics},
  volume={185},
  number={1-2},
  pages={79--86},
  year={2016},
  publisher={Springer}
}

@article{Fan2015,
  title={Force and heat current formulas for many-body potentials in molecular dynamics simulations with applications to thermal conductivity calculations},
  author={Fan, Zheyong and Pereira, Luiz Felipe C and Wang, Hui-Qiong and Zheng, Jin-Cheng and Donadio, Davide and Harju, Ari},
  journal={Physical Review B},
  volume={92},
  number={9},
  pages={094301},
  year={2015},
  publisher={APS}
}

@article{Boone2019,
  title={Heat flux for many-body interactions: corrections to LAMMPS},
  author={Boone, Paul and Babaei, Hasan and Wilmer, Christopher E},
  journal={Journal of chemical theory and computation},
  volume={15},
  number={10},
  pages={5579--5587},
  year={2019},
  publisher={ACS Publications}
}

@article{Carbogno2016,
author = {Carbogno, Christian and Ramprasad, Rampi and Scheffler, Matthias},
doi = {10.1103/PhysRevLett.118.175901},
issn = {0031-9007},
journal = {Phys. Rev. Lett.},
number = {175901},
pages = {1--5},
title = {{Ab initio Green-Kubo Approach for the Thermal Conductivity of Solids}},
volume = {118},
year = {2017}
}

@article{Marcolongo2016,
author = {Marcolongo, Aris and Umari, Paolo and Baroni, Stefano},
doi = {10.1038/nphys3509},
journal = {Nat. Phys.},
number = {1},
pages = {80--84},
title = {{Microscopic theory and quantum simulation of atomic heat transport}},
volume = {12},
year = {2016}
}

@article{Kapitza1941a,
title={Heat transfer and superfluidity of helium II},
author={Kapitza, PL},
journal={Physical Review},
volume={60},
number={4},
pages={354},
year={1941},
publisher={APS}
}

@Inbook{Antidormi2020,
author="Antidormi, Aleandro
and Colombo, Luciano",
editor="Andreoni, Wanda
and Yip, Sidney",
title="Lattice Thermal Boundary Resistance",
bookTitle="Handbook of Materials Modeling: Applications: Current and Emerging Materials",
year="2020",
publisher="Springer International Publishing",
address="Cham",
pages="845--863",
abstract="Control and modelling of thermal transport at the nanoscale has emerged either as a key issue in modern nanoscience or as a compelling demand for the ever-increasing miniaturization process in information technologies: here the thermal budget of nanodevices is basically ruled over by heat exchanges across interfaces, and the relevant physics is cast in terms of a thermal boundary resistance. In this chapter, we present a unified discussion about the fundamental knowledge developed in this framework. Starting from the most general thermodynamical description of an interface, where the driving force for heat transport is identified together with the actual location and thickness of the interface itself, we define what the thermal boundary resistance is in fact. We then delve into the most successful modelling approaches, based either on the phonon picture or on the atomistic picture. Adopting different assumptions and employing different implementation strategies, they offer a complementary description of the physical mechanisms underlying thermal boundary resistance, and they provide useful computational protocols to predict its value in realistic systems.",
isbn="978-3-319-44680-6",
doi="10.1007/978-3-319-44680-6_15",
url="https://doi.org/10.1007/978-3-319-44680-6_15"
}

