@article{Ahmadpour.2007,
  author       = {Ahmadpour, Faraz and Kolodiazhnyi, Taras and Mozharivskyj, Yurij},
  date         = {2007-09},
  doi          = {10.1016/j.jssc.2007.06.011},
  issn         = {00224596},
  journaltitle = {Journal of Solid State Chemistry},
  number       = {9},
  pages        = {2420--2428},
  title        = {Structural and Physical Properties of {{Mg3}}-{{xZnxSb2}} (X=0–1.34)},
  volume       = {180},
}

@article{Andersson.1985,
  author       = {Andersson, P},
  date         = {1985-07},
  doi          = {10.1088/0022-3719/18/20/020},
  issn         = {0022-3719},
  journaltitle = {Journal of Physics C: Solid State Physics},
  number       = {20},
  pages        = {3943--3955},
  title        = {Thermal Conductivity under Pressure and through Phase Transitions in Solid Alkali Halides. {{I}}. {{Experimental}} Results for {{KCl}}, {{KBr}}, {{KI}}, {{RbCl}}, {{RbBr}} and {{RbI}}},
  volume       = {18},
}

@article{Andersson.1986,
  author       = {Andersson, S. and Bäckström, G.},
  date         = {1986-08},
  doi          = {10.1063/1.1138542},
  issn         = {0034-6748, 1089-7623},
  journaltitle = {Review of Scientific Instruments},
  number       = {8},
  pages        = {1633--1639},
  title        = {Techniques for Determining Thermal Conductivity and Heat Capacity under Hydrostatic Pressure},
  volume       = {57},
}

@article{Beasley.1994,
  author       = {Beasley, J. Donald},
  date         = {1994-02},
  doi          = {10.1364/AO.33.001000},
  issn         = {0003-6935, 1539-4522},
  journaltitle = {Applied Optics},
  number       = {6},
  pages        = {1000},
  title        = {Thermal Conductivities of Some Novel Nonlinear Optical Materials},
  volume       = {33},
}

@book{berger1969,
  author    = {Berger, Lev I. and Prochukhan, Vitalii D.},
  location  = {New York, NY},
  publisher = {Springer US},
  date      = {1969},
  doi       = {10.1007/978-1-4757-0040-4},
  title     = {Ternary {{Diamond}}-{{Like Semiconductors}}},
}

@article{Bjerg.2014,
  author       = {Bjerg, Lasse and Iversen, Bo B. and Madsen, Georg K. H.},
  date         = {2014-01},
  doi          = {10.1103/PhysRevB.89.024304},
  issn         = {1098-0121, 1550-235X},
  journaltitle = {Physical Review B},
  number       = {2},
  pages        = {024304},
  title        = {Modeling the Thermal Conductivities of the Zinc Antimonides {{ZnSb}} and {{Zn}} 4 {{Sb}} 3},
  volume       = {89},
}

@article{Feser.2013,
  author       = {Feser, Joseph P. and Chan, Emory M. and Majumdar, Arun and Segalman, Rachel A. and Urban, Jeffrey J.},
  date         = {2013-05},
  doi          = {10.1021/nl400531f},
  issn         = {1530-6984, 1530-6992},
  journaltitle = {Nano Letters},
  number       = {5},
  pages        = {2122--2127},
  title        = {Ultralow {{Thermal Conductivity}} in {{Polycrystalline CdSe Thin Films}} with {{Controlled Grain Size}}},
  volume       = {13},
}

@article{Gerlich.1982,
  author       = {Gerlich, D and Andersson, P},
  date         = {1982-09},
  doi          = {10.1088/0022-3719/15/25/013},
  issn         = {0022-3719},
  journaltitle = {Journal of Physics C: Solid State Physics},
  number       = {25},
  pages        = {5211--5222},
  title        = {Temperature and Pressure Effects on the Thermal Conductivity and Heat Capacity of {{CsCl}}, {{CsBr}} and {{CsI}}},
  volume       = {15},
}

@article{Goetz.1982,
  author       = {Goetz, M.C. and Cowen, J.A.},
  date         = {1982-01},
  doi          = {10.1016/0038-1098(82)90377-5},
  issn         = {00381098},
  journaltitle = {Solid State Communications},
  number       = {4},
  pages        = {293--295},
  title        = {The Thermal Conductivity of Silver Iodide},
  volume       = {41},
}

@article{Hakansson.1986,
  author       = {H{å}kansson, B. and Andersson, P.},
  date         = {1986-01},
  doi          = {10.1016/0022-3697(86)90025-9},
  issn         = {00223697},
  journaltitle = {Journal of Physics and Chemistry of Solids},
  number       = {4},
  pages        = {355--362},
  title        = {Thermal Conductivity and Heat Capacity of Solid {{NaCl}} and {{NaI}} under Pressure},
  volume       = {47},
}

@article{Hakansson.1989,
  author       = {Hakansson, B and Ross, R G},
  date         = {1989-06},
  doi          = {10.1088/0953-8984/1/25/009},
  issn         = {0953-8984, 1361-648X},
  journaltitle = {Journal of Physics: Condensed Matter},
  number       = {25},
  pages        = {3977--3985},
  title        = {Thermal Conductivity and Heat Capacity of Solid {{LiBr}} and {{RbF}} under Pressure},
  volume       = {1},
}

@article{Hashimoto.2007,
  author       = {Hashimoto, Kohsuke and Kurosaki, Ken and Imamura, Yasushi and Muta, Hiroaki and Yamanaka, Shinsuke},
  date         = {2007-09},
  doi          = {10.1063/1.2778747},
  issn         = {0021-8979, 1089-7550},
  journaltitle = {Journal of Applied Physics},
  number       = {6},
  pages        = {063703},
  title        = {Thermoelectric Properties of {{BaSi2}}, {{SrSi2}}, and {{LaSi}}},
  volume       = {102},
}

@article{Kamran.2007,
  author       = {Kamran, Kashif and {Anis-ur-Rehman}, M and Maqsood, Asghari},
  date         = {2007-02},
  doi          = {10.1088/0022-3727/40/3/027},
  issn         = {0022-3727, 1361-6463},
  journaltitle = {Journal of Physics D: Applied Physics},
  number       = {3},
  pages        = {869--873},
  title        = {Thermal and Electrical Properties of Crystalline Silver Bromide},
  volume       = {40},
}

@report{li1981,
  author      = {Li, H. H. and Matula, R. A. and Yang, J. M. and Hume, H. R. and Shakoor, A.},
  institution = {THERMOPHYSICAL and ELECTRONIC PROPERTIES INFORMATION ANALYSIS CENTER LAFAYETTE IN},
  date        = {1981-01},
  title       = {Physical {{Properties Data}} for {{Rock Salt}}},
  type        = {techreport},
}

@article{Li.2003,
  author       = {Li, Ji-Guang and Ikegami, Takayasu and Mori, Toshiyuki},
  date         = {2003-08},
  doi          = {10.1557/JMR.2003.0252},
  issn         = {0884-2914, 2044-5326},
  journaltitle = {Journal of Materials Research},
  number       = {8},
  pages        = {1816--1822},
  title        = {Fabrication of Transparent {{Sc}} {$_2$} {{O}} {$_3$} Ceramics with Powders Thermally Pyrolyzed from Sulfate},
  volume       = {18},
}

@article{Li.2006,
  author       = {Li, D. and Qin, X. Y.},
  date         = {2006-07},
  doi          = {10.1063/1.2218592},
  issn         = {0021-8979, 1089-7550},
  journaltitle = {Journal of Applied Physics},
  number       = {2},
  pages        = {023713},
  title        = {Thermoelectric Properties of {{CuSbSe2}} and Its Doped Compounds by {{Ti}} and {{Pb}} at Low Temperatures from {{5to310K}}},
  volume       = {100},
}

@article{Lindsay.2016,
  author       = {Lindsay, L.},
  date         = {2016-11},
  doi          = {10.1103/PhysRevB.94.174304},
  issn         = {2469-9950, 2469-9969},
  journaltitle = {Physical Review B},
  number       = {17},
  pages        = {174304},
  shorttitle   = {Isotope Scattering and Phonon Thermal Conductivity in Light Atom Compounds},
  title        = {Isotope Scattering and Phonon Thermal Conductivity in Light Atom Compounds: {{LiH}} and {{LiF}}},
  volume       = {94},
}

@article{Macpherson.1983,
  author       = {MACPHERSON, W. R and SCHLOESSIN, H. H.},
  date         = {1983},
  issn         = {0018-1544},
  journaltitle = {Apparent, lattice and radiative, thermal conductivity at temperatures from 300 to 1500 K and pressures up to 5.6 GPa: results for MgO and NaCl},
  number       = {5},
  pages        = {495--509},
  shorttitle   = {Apparent, Lattice and Radiative, Thermal Conductivity at Temperatures from 300 to 1500 {{K}} and Pressures up to 5.6 {{GPa}}},
  title        = {Apparent, Lattice and Radiative, Thermal Conductivity at Temperatures from 300 to 1500 {{K}} and Pressures up to 5.6 {{GPa}}: Results for {{MgO}} and {{NaCl}}},
  volume       = {15},
}

@article{Maqsood.2004,
  author       = {Maqsood, Asghari and {Anis-ur-Rehman}, M and Kamran, Kashif and Gul, Iftikhar Hussain},
  date         = {2004-07},
  doi          = {10.1088/0022-3727/37/13/018},
  issn         = {0022-3727, 1361-6463},
  journaltitle = {Journal of Physics D: Applied Physics},
  number       = {13},
  pages        = {1845--1847},
  title        = {Thermophysical Properties of {{AgCl}} in the Temperature Range 77–300 {{K}}},
  volume       = {37},
}

@article{Martin.1976,
  author       = {Martin, J. J. and Dixon, G. S. and Velasco, P. P.},
  date         = {1976-09},
  doi          = {10.1103/PhysRevB.14.2609},
  journaltitle = {Physical Review B},
  number       = {6},
  pages        = {2609--2612},
  title        = {Phonon Scattering in {{RbCa}}\$\{\textbackslash mathrm\{\vphantom{\}\}}{{F}}\vphantom\{\}\vphantom\{\}\_\{3\}\$ and {{KMn}}\$\{\textbackslash mathrm\{\vphantom{\}\}}{{F}}\vphantom\{\}\vphantom\{\}\_\{3\}\$},
  volume       = {14},
}

@incollection{moore1985,
  author    = {Moore, J. P. and Weaver, F. J. and Graves, R. S. and McElroy, D. L.},
  editor    = {Ashworth, T. and Smith, David R.},
  location  = {Boston, MA},
  publisher = {Springer US},
  booktitle = {Thermal {{Conductivity}} 18},
  date      = {1985},
  doi       = {10.1007/978-1-4684-4916-7_12},
  keywords  = {Debye Temperature,Large Positive Deviation,Lattice Dilation,Strontium Chloride,Thermal Resistivity},
  pages     = {115--124},
  title     = {The {{Thermal Conductivities}} of {{SrCl2}} and {{SrF2}} from 85 to 400 {{K}}},
}

@incollection{Morelli.2006,
  author    = {Morelli, Donald T. and Slack, Glen A.},
  editor    = {Shindé, Subhash L. and Goela, Jitendra S.},
  location  = {New York},
  publisher = {Springer-Verlag},
  booktitle = {High Thermal Conductivity Materials},
  date      = {2006},
  doi       = {10.1007/0-387-25100-6_2},
  pages     = {37--68},
  title     = {High {{Lattice Thermal Conductivity Solids}}},
}

@article{Muta.2005,
  author       = {Muta, Hiroaki and Kurosaki, Ken and Yamanaka, Shinsuke},
  date         = {2005-04},
  doi          = {10.1016/j.jallcom.2004.09.005},
  issn         = {09258388},
  journaltitle = {Journal of Alloys and Compounds},
  number       = {1-2},
  pages        = {306--309},
  title        = {Thermoelectric Properties of Reduced and {{La}}-Doped Single-Crystalline {{SrTiO3}}},
  volume       = {392},
}

@article{Pan.2020,
  author       = {Pan, Yu and Yao, Mengyu and Hong, Xiaochen and Zhu, Yifan and Fan, Fengren and Imasato, Kazuki and He, Yangkun and Hess, Christian and Fink, Jörg and Yang, Jiong and Büchner, Bernd and Fu, Chenguang and Snyder, G. Jeffrey and Felser, Claudia},
  date         = {2020},
  doi          = {10.1039/D0EE00838A},
  issn         = {1754-5692, 1754-5706},
  journaltitle = {Energy \& Environmental Science},
  number       = {6},
  pages        = {1717--1724},
  title        = {Mg {$_3$} ({{Bi}},{{Sb}}) {$_2$} Single Crystals towards High Thermoelectric Performance},
  volume       = {13},
}

@book{perry2016,
  author    = {Perry, Dale L.},
  publisher = {CRC Press},
  date      = {2016-04},
  doi       = {10.1201/b10908},
  edition   = {Zeroth},
  title     = {Handbook of {{Inorganic Compounds}}},
}

@article{Popov.2010,
  author       = {Popov, P. A. and Fedorov, P. P. and Osiko, V. V.},
  date         = {2010-03},
  doi          = {10.1134/S1063783410030091},
  issn         = {1063-7834, 1090-6460},
  journaltitle = {Physics of the Solid State},
  number       = {3},
  pages        = {504--508},
  shorttitle   = {Thermal Conductivity of Single Crystals with a Fluorite Structure},
  title        = {Thermal Conductivity of Single Crystals with a Fluorite Structure: {{Cadmium}} Fluoride},
  volume       = {52},
}

@article{Popuri.2014,
  author       = {Popuri, S. R. and Scott, A. J. M. and Downie, R. A. and Hall, M. A. and Suard, E. and Decourt, R. and Pollet, M. and Bos, J.-W. G.},
  date         = {2014},
  doi          = {10.1039/C4RA06871H},
  issn         = {2046-2069},
  journaltitle = {RSC Advances},
  number       = {64},
  pages        = {33720--33723},
  title        = {Glass-like Thermal Conductivity in {{SrTiO}} {$_3$} Thermoelectrics Induced by {{A}}-Site Vacancies},
  volume       = {4},
}

@article{Ross.1981,
  author       = {Ross, R. G. and Andersson, P. and Bäckström, G.},
  date         = {1981-09},
  doi          = {10.1007/BF00504190},
  issn         = {1572-9567},
  journaltitle = {International Journal of Thermophysics},
  number       = {3},
  pages        = {289--300},
  title        = {Thermal Conductivity and Heat Capacity of Solid {{AgCl}} under Pressure},
  volume       = {2},
}

@article{Sassi.2014,
  author       = {Sassi, S. and Candolfi, C. and Vaney, J.-B. and Ohorodniichuk, V. and Masschelein, P. and Dauscher, A. and Lenoir, B.},
  date         = {2014-05},
  doi          = {10.1063/1.4880817},
  issn         = {0003-6951, 1077-3118},
  journaltitle = {Applied Physics Letters},
  number       = {21},
  pages        = {212105},
  title        = {Assessment of the Thermoelectric Performance of Polycrystalline {{{\emph{p}}}} -Type {{SnSe}}},
  volume       = {104},
}

@article{Sigalas.1985,
  author       = {Sigalas, I. and H{å}kanson, B. and Andersson, P.},
  date         = {1985-03},
  doi          = {10.1007/BF00500030},
  issn         = {1572-9567},
  journaltitle = {International Journal of Thermophysics},
  number       = {2},
  pages        = {177--190},
  title        = {Thermal Conductivity and Heat Capacity of Solid Nabr under Pressure},
  volume       = {6},
}

@article{Sist.2017,
  author       = {Sist, Mattia and Fischer, Karl Frederik Faerch and Kasai, Hidetaka and Iversen, Bo Brummerstedt},
  date         = {2017-03},
  doi          = {10.1002/anie.201700638},
  issn         = {14337851},
  journaltitle = {Angewandte Chemie International Edition},
  number       = {13},
  pages        = {3625--3629},
  title        = {Low-{{Temperature Anharmonicity}} in {{Cesium Chloride}} ({{CsCl}})},
  volume       = {56},
}

@article{Slack.1972,
  author       = {Slack, Glen A.},
  date         = {1972-11},
  doi          = {10.1103/PhysRevB.6.3791},
  issn         = {0556-2805},
  journaltitle = {Physical Review B},
  number       = {10},
  pages        = {3791--3800},
  title        = {Thermal {{Conductivity}} of {{II}}-{{VI Compounds}} and {{Phonon Scattering}} by {{Fe}} 2 + {{Impurities}}},
  volume       = {6},
}

@article{Slack.1973,
  author       = {Slack, G.A.},
  date         = {1973-01},
  doi          = {10.1016/0022-3697(73)90092-9},
  issn         = {00223697},
  journaltitle = {Journal of Physics and Chemistry of Solids},
  number       = {2},
  pages        = {321--335},
  title        = {Nonmetallic Crystals with High Thermal Conductivity},
  volume       = {34},
}

@article{Slack.1982,
  author       = {Slack, Glen A. and Andersson, Per},
  date         = {1982-08},
  doi          = {10.1103/PhysRevB.26.1873},
  issn         = {0163-1829},
  journaltitle = {Physical Review B},
  number       = {4},
  pages        = {1873--1884},
  title        = {Pressure and Temperature Effects on the Thermal Conductivity of {{CuCl}}},
  volume       = {26},
}

@article{Spitzer.1970,
  author       = {Spitzer, D.P.},
  date         = {1970-01},
  doi          = {10.1016/0022-3697(70)90284-2},
  issn         = {00223697},
  journaltitle = {Journal of Physics and Chemistry of Solids},
  number       = {1},
  pages        = {19--40},
  shorttitle   = {Lattice Thermal Conductivity of Semiconductors},
  title        = {Lattice Thermal Conductivity of Semiconductors: {{A}} Chemical Bond Approach},
  volume       = {31},
}

@article{Su.2015,
  author       = {Su, Ching-Hua},
  date         = {2015-05},
  doi          = {10.1063/1.4921025},
  issn         = {2158-3226},
  journaltitle = {AIP Advances},
  number       = {5},
  pages        = {057118},
  title        = {Thermal Conductivity, Electrical Conductivity, and Thermoelectric Properties of {{CdTe}} and {{Cd}} {\textsubscript{0.8}} {{Zn}} {\textsubscript{0.2}} {{Te}} Crystals between Room Temperature and 780 \textsuperscript{o} {{C}}},
  volume       = {5},
}

@article{Suemune.1964,
  author       = {Suemune, Yasutaka and Ikawa, Hyō},
  date         = {1964-09},
  doi          = {10.1143/JPSJ.19.1686},
  issn         = {0031-9015},
  journaltitle = {Journal of the Physical Society of Japan},
  number       = {9},
  pages        = {1686--1690},
  title        = {Thermal {{Conductivity}} of {{KMnF3}}, {{KCoF3}}, {{KNiF3}}, and {{KZnF3 Single Crystals}}},
  volume       = {19},
}

@report{touloukian1971,
  author      = {Touloukian, Y. S. and Powell, R. W. and Ho, C. Y. and Klemens, P. G.},
  institution = {THERMOPHYSICAL and ELECTRONIC PROPERTIES INFORMATION ANALYSIS CENTER LAFAYETTE IN},
  date        = {1971-01},
  title       = {Thermophysical {{Properties}} of {{Matter}} - {{The TPRC Data Series}}. {{Volume}} 2. {{Thermal Conductivity}} - {{Nonmetallic Solids}}},
  type        = {techreport},
}

@article{Wei.2016,
  author       = {Wei, Pai-Chun and Bhattacharya, S. and He, J. and Neeleshwar, S. and Podila, R. and Chen, Y. Y. and Rao, A. M.},
  date         = {2016-11},
  doi          = {10.1038/nature19832},
  issn         = {0028-0836, 1476-4687},
  journaltitle = {Nature},
  number       = {7627},
  pages        = {E1--E2},
  title        = {The Intrinsic Thermal Conductivity of {{SnSe}}},
  volume       = {539},
}

@article{Yang.2017,
  author       = {Yang, C. and Souchay, D. and Knei{ß}, M. and Bogner, M. and Wei, H. M. and Lorenz, M. and Oeckler, O. and Benstetter, G. and Fu, Y. Q. and Grundmann, M.},
  date         = {2017-12},
  doi          = {10.1038/ncomms16076},
  issn         = {2041-1723},
  journaltitle = {Nature Communications},
  number       = {1},
  pages        = {16076},
  title        = {Transparent Flexible Thermoelectric Material Based on Non-Toxic Earth-Abundant p-Type Copper Iodide Thin Film},
  volume       = {8},
}

@article{Zhao.2014,
  author       = {Zhao, Li-Dong and Lo, Shih-Han and Zhang, Yongsheng and Sun, Hui and Tan, Gangjian and Uher, Ctirad and Wolverton, C. and Dravid, Vinayak P. and Kanatzidis, Mercouri G.},
  date         = {2014-04},
  doi          = {10.1038/nature13184},
  issn         = {0028-0836, 1476-4687},
  journaltitle = {Nature},
  number       = {7496},
  pages        = {373--377},
  title        = {Ultralow Thermal Conductivity and High Thermoelectric Figure of Merit in {{SnSe}} Crystals},
  volume       = {508},
}

@article{Perumal.2015,
  author       = {Perumal, Suresh and Roychowdhury, Subhajit and Negi, Devendra S. and Datta, Ranjan and Biswas, Kanishka},
  date         = {2015},
  doi          = {10.1021/acs.chemmater.5b03434},
  issn         = {0897-4756},
  journaltitle = {Chemistry of Materials},
  number       = {20},
  pages        = {7171--7178},
  title        = {{High Thermoelectric Performance and Enhanced Mechanical Stability of p-type Ge1-x Sb x Te}},
  volume       = {27},
}

@article{Goldsmid.1956,
  author       = {Goldsmid, H J},
  date         = {1956},
  doi          = {10.1088/0370-1301/69/2/310},
  issn         = {0370-1301},
  journaltitle = {Proceedings of the Physical Society. Section B},
  number       = {2},
  pages        = {203--209},
  title        = {{The Thermal Conductivity of Bismuth Telluride}},
  volume       = {69},
}

@article{Elsharkawy.1983,
  author       = {El-Sharkawy, A. A. and El-Azm, A. M. Abou and Kenawy, M. I. and Hillal, A. S. and Abu-Basha, H. M.},
  date         = {1983},
  doi          = {10.1007/bf00502357},
  issn         = {0195-928X},
  journaltitle = {International Journal of Thermophysics},
  number       = {3},
  pages        = {261--269},
  title        = {{Thermophysical properties of polycrystalline PbS, PbSe, and PbTe in the temperature range 300–700 K}},
  volume       = {4},
}

@article{Satterthwaite.1957,
  author       = {Satterthwaite, C. B. and Ure, R. W.},
  date         = {1957},
  doi          = {10.1103/physrev.108.1164},
  issn         = {0031-899X},
  journaltitle = {Physical Review},
  number       = {5},
  pages        = {1164--1170},
  title        = {{Electrical and Thermal Properties of Bi2 Te3}},
  volume       = {108},
}

@article{Böttger.2010,
  author       = {Böttger, P. H. Michael and Valset, Kjetil and Deledda, Stefano and Finstad, Terje G.},
  date         = {2010},
  doi          = {10.1007/s11664-010-1269-2},
  issn         = {0361-5235},
  journaltitle = {Journal of Electronic Materials},
  number       = {9},
  pages        = {1583--1588},
  title        = {{Influence of Ball-Milling, Nanostructuring, and Ag Inclusions on Thermoelectric Properties of ZnSb}},
  volume       = {39},
}

@article{Bisson.2000,
  author       = {Bisson, Jean-François and Fournier, Danièle and Poulain, Martine and Lavigne, Odile and Mévrel, Rémy},
  date         = {2000},
  doi          = {10.1111/j.1151-2916.2000.tb01502.x},
  issn         = {1551-2916},
  journaltitle = {Journal of the American Ceramic Society},
  number       = {8},
  pages        = {1993--1998},
  title        = {{Thermal Conductivity of Yttria-Zirconia Single Crystals, Determined with Spatially Resolved Infrared Thermography}},
  volume       = {83},
}

